@online{angular,
  organization = {Google},
  title = {Angular - One framework. Mobile {\&} desktop.},
  url = {https://angular.io/},
  urldate = {2018-12-16},
  date = {2018},
}

@online{angular-doc,
  organization = {Google},
  title = {Angular - What is Angular?},
  url = {https://angular.io/docs},
  urldate = {2018-12-28},
  date = {2018},
}

@online{angular-test,
  organization = {Google},
  title = {Angular - Testing},
  url = {https://angular.io/guide/testing},
  urldate = {2019-01-22},
  date = {2019},
}

@online{protractor,
  title = {Protractor - end-to-end testing for AngularJS},
  url = {https://www.protractortest.org/},
  urldate = {2019-01-22},
  date = {2019},
}

@online{killed_by_google,
  author = {Cody Ogden},
  title = {Killed by Google - Google Graveyard - A Google Cemetery},
  url = {https://killedbygoogle.com/},
  urldate = {2018-12-23},
  date = {2018},
}

////////////////////////////////////////////////////////////////////////////////////////////////////////////////////////

@online{react,
  organization = {Facebook Inc.},
  title = {{React - A JavaScript library for building user interfaces}},
  url = {https://reactjs.org/},
  urldate = {2018-12-16},
  date = {2018},
}

@online{react-doc,
  organization = {Facebook Inc.},
  title = {{Getting Started - React}},
  url = {https://reactjs.org/docs/getting-started.html},
  urldate = {2018-12-28},
  date = {2018},
}

@online{react-license,
  author = {Adam Wolff},
  title = {{Relicensing React, Jest, Flow, and Immutable.js}},
  url = {https://code.fb.com/web/relicensing-react-jest-flow-and-immutable-js/},
  urldate = {2018-12-21},
  date = {2017-09-22},
}

@online{react-license-commit,
  author = {Sophie Alpert},
  title = {{Change license and remove references to PATENTS}},
  url = {https://github.com/facebook/react/commit/b765fb25ebc6e53bb8de2496d2828d9d01c2774b#diff-9879d6db96fd29134fc802214163b95a},
  urldate = {2018-12-21},
  date = {2017-19-24},
}

@online{react-test,
  organization = {Facebook Inc.},
  title = {{Test Utilities - React}},
  url = {https://reactjs.org/docs/test-utils.html},
  urldate = {2019-01-22},
  date = {2019},
}

@online{jest,
  organization = {Facebook Inc.},
  title = {{Jest - Delightful JavaScript Testing}},
  url = {https://jestjs.io/},
  urldate = {2019-01-22},
  date = {2019},
}

@online{enzyme,
  organization = {Airbnb Inc.},
  title = {{Introduction - Enzyme}},
  url = {https://airbnb.io/enzyme/},
  urldate = {2019-01-22},
  date = {2019},
}

////////////////////////////////////////////////////////////////////////////////////////////////////////////////////////

@online{vue,
  author = {Evan You},
  title = {{Vue - The Progressive JavaScript Framework}},
  url = {https://vuejs.org/},
  urldate = {2018-12-16},
  date = {2018},
}

@online{vue-doc,
  organization = {Vue.js community},
  title = {{Introduction - Vue.js}},
  url = {https://vuejs.org/v2/guide/},
  urldate = {2018-12-28},
  date = {2018},
}


@online{vue-compare,
  organization = {Vue.js community},
  title = {{Comparison with Other Frameworks - Vue.js}},
  url = {https://vuejs.org/v2/guide/comparison.html},
  urldate = {2018-12-14},
  date = {2018},
}

@online{vue-routers,
  organization = {Vue.js community},
  title = {{Routing}},
  url = {https://vuejs.org/v2/guide/routing.html},
  urldate = {2018-12-21},
  date = {2018},
}

@online{vue-test,
  organization = {Vue.js community},
  title = {{Unit Testing - Vue.js}},
  url = {https://vuejs.org/v2/guide/unit-testing.html},
  urldate = {2019-01-22},
  date = {2019},
}

@online{vue-test-utils,
  organization = {Vue.js community},
  title = {{Introduction | Vue Test Utils}},
  url = {https://vue-test-utils.vuejs.org/},
  urldate = {2019-01-22},
  date = {2019},
}

@online{vue-tdd,
  author = {Daniel Kuroski},
  title = {{Working an application in Vue.js with TDD}},
  url = {https://vue-test-utils.vuejs.org/},
  urldate = {2019-01-22},
  date = {2018-10-10},
}

@online{mocha,
  organization = {Mocha.js community},
  title = {{Mocha - the fun, simple, flexible JavaScript test framework}},
  url = {https://mochajs.org/},
  urldate = {2019-01-22},
  date = {2019},
}

////////////////////////////////////////////////////////////////////////////////////////////////////////////////////////

@online{ember,
  organization = {Tilde Inc.},
  title = {{Ember.js - A framework for ambitious web developers}},
  url = {https://www.emberjs.com/},
  urldate = {2018-12-17},
  date = {2018},
}

@online{ember-doc,
  organization = {Tilde Inc.},
  title = {{Ember.js Guides - Guides and Tutorials - Ember Guides}},
  url = {https://guides.emberjs.com/release/},
  urldate = {2018-12-28},
  date = {2018},
}

@online{ember-test,
  organization = {Tilde Inc.},
  title = {{Introduction - Testing - Ember Guides}},
  url = {https://guides.emberjs.com/release/testing/},
  urldate = {2019-01-22},
  date = {2019},
}

@online{ember-diffuculty,
  author = {V. Lascik},
  title = {{Honest look at Ember in the middle of 2018}},
  url = {https://medium.com/@vlascik/honest-look-at-ember-in-the-middle-of-2018-a0dc2787e506},
  urldate = {2018-12-20},
  date = {2018-05-20},
}

////////////////////////////////////////////////////////////////////////////////////////////////////////////////////////

@online{backbone,
  organization = {DocumentCloud},
  title = {{Backbone.js}},
  url = {http://backbonejs.org/},
  urldate = {2018-12-17},
  date = {2016},
}

@online{backbone-doc,
  organization = {DocumentCloud},
  title = {{Backbone.js}},
  url = {http://backbonejs.org/#Getting-started},
  urldate = {2018-12-28},
  date = {2016},
}

@online{backbone-test,
  organization = {DocumentCloud},
  title = {{Backbone Test Suite}},
  url = {http://backbonejs.org/test/},
  urldate = {2018-12-28},
}

@online{backbone-testing,
  author = {Ryan Roemer},
  title = {{Backbone.js Testing}},
  url = {http://backbone-testing.com/},
  urldate = {2018-12-28},
  date = {2018-02-03},
}

@online{tilde,
  organization = {Tilde Inc.},
  title = {{Tilde Inc. - About Us}},
  url = {https://www.tilde.io/about-us/},
  urldate = {2018-12-17},
  date = {2018},
}

////////////////////////////////////////////////////////////////////////////////////////////////////////////////////////

@online{npm,
  organization = {npm},
  title = {{Build amazing things}},
  url = {https://www.npmjs.com/},
  urldate = {2018-12-21},
  date = {2018},
}

@online{frameworks-hackr,
  author = {Aman Goel},
  title = {{Top 10 Web Development Frameworks in 2018}},
  url = {https://hackr.io/blog/top-10-web-development-frameworks-in-2018},
  urldate = {2018-12-17},
  date = {2018-12-04},
}

@online{frameworks-github,
  organization = {GitHub, Inc.},
  title = {{Collection: Front-end JavaScript frameworks}},
  url = {https://github.com/collections/front-end-javascript-frameworks},
  urldate = {2018-12-17},
  date = {2018},
}

@online{frameworks-3compare,
  author = {Rajdeep Chandra},
  title = {{My experience with Angular 2 , React and Vue}},
  url = {https://medium.com/@rajrock38/my-experience-with-angular-2-react-and-vue-fb654e3ecf33},
  urldate = {2018-12-21},
  date = {2018-10-03},
}

@online{frameworks-rubygarage,
  author = {Sviatoslav Andrushko},
  title = {{The Best JS Frameworks for Front End}},
  url = {https://rubygarage.org/blog/best-javascript-frameworks-for-front-end},
  urldate = {2018-12-21},
  date = {2018},
}

////////////////////////////////////////////////////////////////////////////////////////////////////////////////////////

@online{jaguweb,
  organization = {Jagu s.r.o.},
  title = {{Jagu - Software na míru, webové prezentace, grafika, webhosting}},
  url = {https://www.jagu.cz/},
  urldate = {2018-12-21},
  date = {2018},
}

@online{sentry,
  organization = {Functional Software, Inc.},
  title = {{Sentry | Error Tracking Software — JavaScript, Python, PHP, Ruby, more}},
  url = {https://sentry.io/welcome/},
  urldate = {2019-01-21},
  date = {2019},
}

@online{sentry-js,
  organization = {Functional Software, Inc.},
  title = {{JavaScript Error Tracking}},
  url = {https://sentry.io/for/javascript/},
  urldate = {2019-01-21},
  date = {2019},
}
